<record>
  <leader>03834nem a2200373 a 4500</leader>
  <controlfield tag="001">991000096309702696</controlfield>
  <controlfield tag="005">20170607124813.0</controlfield>
  <controlfield tag="008">051118s1900    xx        b   001   eng u</controlfield>
  <datafield tag="035" ind1=" " ind2=" ">
    <subfield code="a">(IL-JeALB)10231-972ai_inst</subfield>
  </datafield>
  <datafield tag="035" ind1=" " ind2=" ">
    <subfield code="a">10231</subfield>
    <subfield code="9">ExL</subfield>
  </datafield>
  <datafield tag="035" ind1=" " ind2=" ">
    <subfield code="a">map00000003</subfield>
  </datafield>
  <datafield tag="100" ind1="1" ind2=" ">
    <subfield code="a">Armstrong, George</subfield>
    <subfield code="e">, cartographer</subfield>
  </datafield>
  <datafield tag="245" ind1="1" ind2="0">
    <subfield code="a">Palestine :</subfield>
    <subfield code="h">[map]</subfield>
    <subfield code="b">from the surveys conducted for the Committee of the Palestine Exploration Fund and other sources /</subfield>
    <subfield code="c">compiled by George Armstrong and revised by Colonel Sir Charles W. Wilson K.C.B., F.R.S., &amp;c. and Major C.R. Conder D.C.L., R.E.</subfield>
  </datafield>
  <datafield tag="255" ind1=" " ind2=" ">
    <subfield code="a">Scale 3/8 inch = 1 mile, or 1:168,960.</subfield>
  </datafield>
  <datafield tag="260" ind1=" " ind2=" ">
    <subfield code="a">London :</subfield>
    <subfield code="b">Palestine Exploration Fund,</subfield>
    <subfield code="c">1900.</subfield>
  </datafield>
  <datafield tag="300" ind1=" " ind2=" ">
    <subfield code="a">1 map on 20 (of 21/23?) sheets ;</subfield>
    <subfield code="c">51 x 43 cm. or smaller, on 20 sheets 60 x 48 cm.</subfield>
  </datafield>
  <datafield tag="500" ind1=" " ind2=" ">
    <subfield code="a">From cover: 'A map of Palestine from surveys conducted for the Committee of the Palestine Exploration Fund and other sources ... Engraved and printed for the Committee at Stanford's Geographical Establishment.'</subfield>
  </datafield>
  <datafield tag="500" ind1=" " ind2=" ">
    <subfield code="a">Map of Palestine showing streams water courses, wells, aqueducts, mosques, watch towers, trig stations, roads and tracks with topographical and geographical terms in English and Arabic. Relief shown by hachures, shading and spot heights.</subfield>
  </datafield>
  <datafield tag="500" ind1=" " ind2=" ">
    <subfield code="a">In lower margin of each sheet: P.E.F. Palestine.</subfield>
  </datafield>
  <datafield tag="500" ind1=" " ind2=" ">
    <subfield code="a">Present are sheets 1-16, 20-23 (untitled). These sheets were intended to form one large map of at least 1000 x 880 cm., but since three sheets are missing we cannot supply exact dimensions. There is an earlier edition dated 1890, in 21 sheets, but the 1900 edition is extremely rare. The Albright library has two copies, both of which lack sheets 17-19. Copy 1 is bound, with 2 copies of sheet 13. Copy 2 is loose-leaf, with 2 copies of sheet 21; it is also missing sheets 6,9,10,15.</subfield>
  </datafield>
  <datafield tag="505" ind1="0" ind2=" ">
    <subfield code="a">The sheets are untitled, but titles have been added in manuscript in copy 2. Sheets: 1. [title] -- 2. [Beirut]--3. [Damascus] -- 4. [Jebel el Kaus] -- 5. [copyright &amp; scale information] -- 6. [Haifa] -- 7. [Kuneitra] -- 8. [Kenath Nobah] -- 9. [Jaffa] -- 10. [Nablus] -- 11. [Rabbath Ammon]-- 12. [Salekah] -- 13. [Gaza] -- 14. [Jerusalem] -- 15. [Bezer] -- 16. [Topographical &amp; geographical terms] -- 20. [Kadesh Barnea] -- 21. [Bozrah] -- 22. [Kul'at el Garahy] -- 23. [Explanation, Key map].</subfield>
  </datafield>
  <datafield tag="506" ind1=" " ind2=" ">
    <subfield code="a">Will require conservation work before use.</subfield>
  </datafield>
  <datafield tag="530" ind1=" " ind2=" ">
    <subfield code="a">Digitized version of Copy 2, photography by Ardon Bar-Hama courtesy of George Blumenthal, available online on the AIAR website. See sheet links at:</subfield>
    <subfield code="u">http://www.aiar.org/wp-content/uploads/2015/02/PEFPalestine1900.pdf</subfield>
  </datafield>
  <datafield tag="530" ind1=" " ind2=" ">
    <subfield code="a">Digitized version also available from the Albright CD collection (GA1321.B3).</subfield>
  </datafield>
  <datafield tag="546" ind1=" " ind2=" ">
    <subfield code="a">English and Arabic.</subfield>
  </datafield>
  <datafield tag="555" ind1=" " ind2=" ">
    <subfield code="a">Includes key map to sheets.</subfield>
  </datafield>
  <datafield tag="651" ind1=" " ind2="0">
    <subfield code="a">Asia</subfield>
    <subfield code="z">Middle East</subfield>
    <subfield code="z">Palestine</subfield>
    <subfield code="v">Maps.</subfield>
  </datafield>
  <datafield tag="700" ind1="1" ind2=" ">
    <subfield code="a">Wilson, Charles William,</subfield>
    <subfield code="c">Sir,</subfield>
    <subfield code="d">1836-1905,</subfield>
    <subfield code="e">editor.</subfield>
  </datafield>
  <datafield tag="700" ind1="1" ind2=" ">
    <subfield code="a">Conder, C R</subfield>
    <subfield code="e">, editor</subfield>
  </datafield>
  <datafield tag="720" ind1="1" ind2=" ">
    <subfield code="a">Edward Stanford</subfield>
    <subfield code="e">, printer.</subfield>
  </datafield>
  <datafield tag="913" ind1=" " ind2=" ">
    <subfield code="1">12</subfield>
    <subfield code="2">Publisher</subfield>
    <subfield code="3">Printer</subfield>
    <subfield code="5">Yes</subfield>
    <subfield code="6">Full</subfield>
  </datafield>
  <datafield tag="949" ind1=" " ind2=" ">
    <subfield code="a">MAPS 22-00-1--16, -20--23</subfield>
  </datafield>
  <datafield tag="951" ind1=" " ind2=" ">
    <subfield code="a">592 (c.1, sh.1), 337 (c.2, sh.1); 593 (c.1, sh.2), 338 (c.2, sh.2); 594 (c.1, sh.3), 339 (c.2, sh.3); 595 (c.1, sh.4), 340 (c.2, sh.4); 596 (c.1, sh.5), 341 (c.2, sh.5); 597 (c.1, sh.6), [342 (c.2, sh.6) missing]; 598 (c.1, sh.7), 343 (c.2, sh.7); 599 (c.1, sh.8), 344 (c.2, sh.8); 600 (c.1, sh.9), [345 (c.2, sh.9) missing]; 601 (c.1, sh.10), [346 (c.2, sh.10) missing]; 602 (c.1, sh.11), 347 (c.2, sh.11); 603 (c.1, sh.12), 348 (c.2, sh.12); 604a/b (c.1, sh.13), 349 (c.2, sh.13); 605 (c.1, sh.14), 350 (c.2, sh.14); 606 (sh.15); 607 (c.1, sh.16), 351 (c.2, sh.16); 608 (c.1, sh.20), 352 (c.2, sh.20); 609 (c.1, sh.21), 353a/b (c.2, sh.21); 610 (c.1, sh.22), 354 (c.2, sh.22); 611 (c.1, sh.23), 355 (c.2, sh.23).</subfield>
  </datafield>
  <datafield tag="999" ind1=" " ind2=" ">
    <subfield code="a">MAP</subfield>
  </datafield>
</record>
